@article{aamodt1994case,
  title     = {Case-based reasoning: Foundational issues, methodological variations, and system approaches},
  author    = {Aamodt, Agnar and Plaza, Enric},
  journal   = {AI communications},
  volume    = {7},
  number    = {1},
  pages     = {39--59},
  year      = {1994},
  publisher = {IOS press}
}

@article{aghajanyan2021muppet,
  title   = {Muppet: Massive Multi-task Representations with Pre-Finetuning},
  author  = {Aghajanyan, Armen and Gupta, Anchit and Shrivastava, Akshat and Chen, Xilun and Zettlemoyer, Luke and Gupta, Sonal},
  journal = {arXiv preprint arXiv:2101.11038},
  year    = {2021}
}

@article{ardizzone2018analyzing,
  title   = {Analyzing inverse problems with invertible neural networks},
  author  = {Ardizzone, Lynton and Kruse, Jakob and Wirkert, Sebastian and Rahner, Daniel and Pellegrini, Eric W and Klessen, Ralf S and Maier-Hein, Lena and Rother, Carsten and K{\"o}the, Ullrich},
  journal = {arXiv preprint arXiv:1808.04730},
  year    = {2018}
}

@incollection{auer2007dbpedia,
  title     = {Dbpedia: A nucleus for a web of open data},
  author    = {Auer, S{\"o}ren and Bizer, Christian and Kobilarov, Georgi and Lehmann, Jens and Cyganiak, Richard and Ives, Zachary},
  booktitle = {The semantic web},
  pages     = {722--735},
  year      = {2007},
  publisher = {Springer}
}

@article{baevski2018adaptive,
  title   = {Adaptive input representations for neural language modeling},
  author  = {Baevski, Alexei and Auli, Michael},
  journal = {arXiv preprint arXiv:1809.10853},
  year    = {2018}
}

@article{bahl1983maximum,
  title     = {A maximum likelihood approach to continuous speech recognition},
  author    = {Bahl, Lalit R and Jelinek, Frederick and Mercer, Robert L},
  journal   = {IEEE transactions on pattern analysis and machine intelligence},
  number    = {2},
  pages     = {179--190},
  year      = {1983},
  publisher = {IEEE}
}

@article{bama2015survey,
  title   = {A survey on performance evaluation measures for information retrieval system},
  author  = {Bama, S Sathya and Ahmed, MI and Saravanan, A},
  journal = {International Research Journal of Engineering and Technology},
  volume  = {2},
  number  = {2},
  pages   = {1015--1020},
  year    = {2015}
}

@inproceedings{bao2016constraint,
  title     = {Constraint-based question answering with knowledge graph},
  author    = {Bao, Junwei and Duan, Nan and Yan, Zhao and Zhou, Ming and Zhao, Tiejun},
  booktitle = {Proceedings of COLING 2016, the 26th International Conference on Computational Linguistics: Technical Papers},
  pages     = {2503--2514},
  year      = {2016}
}
@article{barnes1986hierarchical,
  title     = {A hierarchical O (N log N) force-calculation algorithm},
  author    = {Barnes, Josh and Hut, Piet},
  journal   = {nature},
  volume    = {324},
  number    = {6096},
  pages     = {446--449},
  year      = {1986},
  publisher = {Nature Publishing Group}
}
@inproceedings{behrmann2020understanding,
  title        = {Understanding and mitigating exploding inverses in invertible neural networks},
  author       = {Behrmann, Jens and Vicol, Paul and Wang, Kuan-Chieh and Grosse, Roger and Jacobsen, J{\"o}rn-Henrik},
  booktitle    = {International Conference on Artificial Intelligence and Statistics},
  pages        = {1792--1800},
  year         = {2021},
  organization = {PMLR}
}
@inproceedings{appalaraju2021docformer,
  title={Docformer: End-to-end transformer for document understanding},
  author={Appalaraju, Srikar and Jasani, Bhavan and Kota, Bhargava Urala and Xie, Yusheng and Manmatha, R},
  booktitle={Proceedings of the IEEE/CVF International Conference on Computer Vision},
  pages={993--1003},
  year={2021}
}


@article{beltagy2020longformer,
  title   = {Longformer: The long-document transformer},
  author  = {Beltagy, Iz and Peters, Matthew E and Cohan, Arman},
  journal = {arXiv preprint arXiv:2004.05150},
  year    = {2020}
} 

@inproceedings{berant2013semantic,
  title     = {Semantic parsing on freebase from question-answer pairs},
  author    = {Berant, Jonathan and Chou, Andrew and Frostig, Roy and Liang, Percy},
  booktitle = {Proceedings of the 2013 conference on empirical methods in natural language processing},
  pages     = {1533--1544},
  year      = {2013}
}

@misc{bert,
  title         = {BERT: Pre-training of Deep Bidirectional Transformers for Language Understanding},
  author        = {Jacob Devlin and Ming-Wei Chang and Kenton Lee and Kristina Toutanova},
  year          = {2019},
  eprint        = {1810.04805},
  archiveprefix = {arXiv},
  primaryclass  = {cs.CL}
}

@article{bert-bias-teach,
  title   = {We teach AI systems everything, including our biases},
  author  = {Metz, Cade},
  journal = {The New York Times},
  year    = {2019}
}



@misc{bert-gender,
  title         = {Investigating Gender Bias in BERT},
  author        = {Rishabh Bhardwaj and Navonil Majumder and Soujanya Poria},
  year          = {2020},
  eprint        = {2009.05021},
  archiveprefix = {arXiv},
  primaryclass  = {cs.CL}
}

@inproceedings{bevilacqua2020breaking,
  title     = {Breaking through the 80\% glass ceiling: Raising the state of the art in Word Sense Disambiguation by incorporating knowledge graph information},
  author    = {Bevilacqua, Michele and Navigli, Roberto},
  booktitle = {Proceedings of the 58th Annual Meeting of the Association for Computational Linguistics},
  pages     = {2854--2864},
  year      = {2020}
}

@article{bordes2013translating,
  title   = {Translating embeddings for modeling multi-relational data},
  author  = {Bordes, Antoine and Usunier, Nicolas and Garcia-Duran, Alberto and Weston, Jason and Yakhnenko, Oksana},
  journal = {Advances in neural information processing systems},
  volume  = {26},
  year    = {2013}
}

@article{bordes2015large,
  title   = {Large-scale simple question answering with memory networks},
  author  = {Bordes, Antoine and Usunier, Nicolas and Chopra, Sumit and Weston, Jason},
  journal = {arXiv preprint arXiv:1506.02075},
  year    = {2015}
}

@book{borg2005modern,
  title     = {Modern multidimensional scaling: Theory and applications},
  author    = {Borg, Ingwer and Groenen, Patrick JF},
  year      = {2005},
  publisher = {Springer Science \& Business Media}
}

@misc{borgeaud2021improving,
  title         = {Improving language models by retrieving from trillions of tokens},
  author        = {Sebastian Borgeaud and Arthur Mensch and Jordan Hoffmann and Trevor Cai and Eliza Rutherford and Katie Millican and George van den Driessche and Jean-Baptiste Lespiau and Bogdan Damoc and Aidan Clark and Diego de Las Casas and Aurelia Guy and Jacob Menick and Roman Ring and Tom Hennigan and Saffron Huang and Loren Maggiore and Chris Jones and Albin Cassirer and Andy Brock and Michela Paganini and Geoffrey Irving and Oriol Vinyals and Simon Osindero and Karen Simonyan and Jack W. Rae and Erich Elsen and Laurent Sifre},
  year          = {2021},
  eprint        = {2112.04426},
  archiveprefix = {arXiv},
  primaryclass  = {cs.CL}
}

@inproceedings{bosselut2019comet,
  title     = {COMET: Commonsense Transformers for Automatic Knowledge Graph Construction},
  author    = {Bosselut, Antoine and Rashkin, Hannah and Sap, Maarten and Malaviya, Chaitanya and Celikyilmaz, Asli and Choi, Yejin},
  booktitle = {Proceedings of the 57th Annual Meeting of the Association for Computational Linguistics},
  pages     = {4762--4779},
  year      = {2019}
}

@article{brown2020language,
  title         = {Language Models are Few-Shot Learners},
  author        = {Tom B. Brown and Benjamin Mann and Nick Ryder and Melanie Subbiah and Jared Kaplan and Prafulla Dhariwal and Arvind Neelakantan and Pranav Shyam and Girish Sastry and Amanda Askell and Sandhini Agarwal and Ariel Herbert-Voss and Gretchen Krueger and Tom Henighan and Rewon Child and Aditya Ramesh and Daniel M. Ziegler and Jeffrey Wu and Clemens Winter and Christopher Hesse and Mark Chen and Eric Sigler and Mateusz Litwin and Scott Gray and Benjamin Chess and Jack Clark and Christopher Berner and Sam McCandlish and Alec Radford and Ilya Sutskever and Dario Amodei},
  year          = {2020},
  eprint        = {2005.14165},
  archiveprefix = {arXiv},
  primaryclass  = {cs.CL}
}

@inproceedings{chen2017reading,
  title     = {Reading Wikipedia to Answer Open-Domain Questions},
  author    = {Chen, Danqi and Fisch, Adam and Weston, Jason and Bordes, Antoine},
  booktitle = {Proceedings of the 55th Annual Meeting of the Association for Computational Linguistics (Volume 1: Long Papers)},
  pages     = {1870--1879},
  year      = {2017}
}

@book{chen2020neural,
  title     = {Neural Network Models for Tasks in Open-Domain and Closed-Domain Question Answering},
  author    = {Chen, Charles L},
  year      = {2020},
  publisher = {Ohio University}
}

@article{ciampaglia2015computational,
  title     = {Computational fact checking from knowledge networks},
  author    = {Ciampaglia, Giovanni Luca and Shiralkar, Prashant and Rocha, Luis M and Bollen, Johan and Menczer, Filippo and Flammini, Alessandro},
  journal   = {PloS one},
  volume    = {10},
  number    = {6},
  pages     = {e0128193},
  year      = {2015},
  publisher = {Public Library of Science San Francisco, CA USA}
}

@article{das2017question,
  title   = {Question answering on knowledge bases and text using universal schema and memory networks},
  author  = {Das, Rajarshi and Zaheer, Manzil and Reddy, Siva and McCallum, Andrew},
  journal = {arXiv preprint arXiv:1704.08384},
  year    = {2017}
}

@article{das2021case,
  title   = {Case-based Reasoning for Natural Language Queries over Knowledge Bases},
  author  = {Das, Rajarshi and Zaheer, Manzil and Thai, Dung and Godbole, Ameya and Perez, Ethan and Lee, Jay-Yoon and Tan, Lizhen and Polymenakos, Lazaros and McCallum, Andrew},
  journal = {arXiv preprint arXiv:2104.08762},
  year    = {2021}
}

@article{de2020autoregressive,
  title   = {Autoregressive entity retrieval},
  author  = {De Cao, Nicola and Izacard, Gautier and Riedel, Sebastian and Petroni, Fabio},
  journal = {arXiv preprint arXiv:2010.00904},
  year    = {2020}
}
@article{mcinnes2018umap,
  title={Umap: Uniform manifold approximation and projection for dimension reduction},
  author={McInnes, Leland and Healy, John and Melville, James},
  journal={arXiv preprint arXiv:1802.03426},
  year={2018}
}


@inproceedings{devlin2019bert,
  title     = {BERT: Pre-training of Deep Bidirectional Transformers for Language Understanding},
  author    = {Devlin, Jacob and Chang, Ming-Wei and Lee, Kenton and Toutanova, Kristina},
  booktitle = {Proceedings of the 2019 Conference of the North American Chapter of the Association for Computational Linguistics: Human Language Technologies, Volume 1 (Long and Short Papers)},
  pages     = {4171--4186},
  year      = {2019}
}

@article{dinan2018wizard,
  title   = {Wizard of wikipedia: Knowledge-powered conversational agents},
  author  = {Dinan, Emily and Roller, Stephen and Shuster, Kurt and Fan, Angela and Auli, Michael and Weston, Jason},
  journal = {arXiv preprint arXiv:1811.01241},
  year    = {2018}
}
@article{dodge2015evaluating,
  title   = {Evaluating prerequisite qualities for learning end-to-end dialog systems},
  author  = {Dodge, Jesse and Gane, Andreea and Zhang, Xiang and Bordes, Antoine and Chopra, Sumit and Miller, Alexander and Szlam, Arthur and Weston, Jason},
  journal = {arXiv preprint arXiv:1511.06931},
  year    = {2015}
}
@article{dumais2004latent,
  title     = {Latent semantic analysis},
  author    = {Dumais, Susan T},
  journal   = {Annual review of information science and technology},
  volume    = {38},
  number    = {1},
  pages     = {188--230},
  year      = {2004},
  publisher = {Wiley Online Library}
}

@techreport{fodor2002survey,
  title       = {A survey of dimension reduction techniques},
  author      = {Fodor, Imola K},
  year        = {2002},
  institution = {Citeseer}
}
@inproceedings{gao2019dynamic,
  title     = {Dynamic fusion with intra-and inter-modality attention flow for visual question answering},
  author    = {Gao, Peng and Jiang, Zhengkai and You, Haoxuan and Lu, Pan and Hoi, Steven CH and Wang, Xiaogang and Li, Hongsheng},
  booktitle = {Proceedings of the IEEE/CVF Conference on Computer Vision and Pattern Recognition},
  pages     = {6639--6648},
  year      = {2019}
}

@inproceedings{geva2020injecting,
  title     = {Injecting Numerical Reasoning Skills into Language Models},
  author    = {Geva, Mor and Gupta, Ankit and Berant, Jonathan},
  booktitle = {Proceedings of the 58th Annual Meeting of the Association for Computational Linguistics},
  pages     = {946--958},
  year      = {2020}
}

@article{grave2016improving,
  title   = {Improving neural language models with a continuous cache},
  author  = {Grave, Edouard and Joulin, Armand and Usunier, Nicolas},
  journal = {arXiv preprint arXiv:1612.04426},
  year    = {2016}
}

@article{grave2017unbounded,
  title   = {Unbounded cache model for online language modeling with open vocabulary},
  author  = {Grave, Edouard and Ciss{\'e}, Moustapha and Joulin, Armand},
  journal = {arXiv preprint arXiv:1711.02604},
  year    = {2017}
}
@inproceedings{roy2018using,
  title={Using word embeddings for information retrieval: How collection and term normalization choices affect performance},
  author={Roy, Dwaipayan and Ganguly, Debasis and Bhatia, Sumit and Bedathur, Srikanta and Mitra, Mandar},
  booktitle={Proceedings of the 27th ACM international conference on information and knowledge management},
  pages={1835--1838},
  year={2018}
}

@article{na2015two,
  title={Two-stage document length normalization for information retrieval},
  author={Na, Seung-Hoon},
  journal={ACM Transactions on Information Systems (TOIS)},
  volume={33},
  number={2},
  pages={1--40},
  year={2015},
  publisher={ACM New York, NY, USA}
}


@inproceedings{khalid2008impact,
  title={The impact of named entity normalization on information retrieval for question answering},
  author={Khalid, Mahboob Alam and Jijkoun, Valentin and Rijke, Maarten de},
  booktitle={European Conference on Information Retrieval},
  pages={705--710},
  year={2008},
  organization={Springer}
}


@inproceedings{guo2020accelerating,
  title        = {Accelerating large-scale inference with anisotropic vector quantization},
  author       = {Guo, Ruiqi and Sun, Philip and Lindgren, Erik and Geng, Quan and Simcha, David and Chern, Felix and Kumar, Sanjiv},
  booktitle    = {International Conference on Machine Learning},
  pages        = {3887--3896},
  year         = {2020},
  organization = {PMLR}
}
@article{guu2020realm,
  title   = {Realm: Retrieval-augmented language model pre-training},
  author  = {Guu, Kelvin and Lee, Kenton and Tung, Zora and Pasupat, Panupong and Chang, Ming-Wei},
  journal = {arXiv preprint arXiv:2002.08909},
  year    = {2020}
}

@inproceedings{haley2020bert,
  title     = {This is a BERT. Now there are several of them. Can they generalize to novel words?},
  author    = {Haley, Coleman},
  booktitle = {Proceedings of the Third BlackboxNLP Workshop on Analyzing and Interpreting Neural Networks for NLP},
  pages     = {333--341},
  year      = {2020}
}

@inproceedings{he2021efficient,
  title     = {Efficient Nearest Neighbor Language Models},
  author    = {He, Junxian and Neubig, Graham and Berg-Kirkpatrick, Taylor},
  booktitle = {Proceedings of the 2021 Conference on Empirical Methods in Natural Language Processing},
  pages     = {5703--5714},
  year      = {2021}
}

@inproceedings{hinton2002stochastic,
  title        = {Stochastic neighbor embedding},
  author       = {Hinton, Geoffrey and Roweis, Sam T},
  booktitle    = {NIPS},
  volume       = {15},
  pages        = {833--840},
  year         = {2002},
  organization = {Citeseer}
}

@article{hochreiter1997long,
  title     = {Long short-term memory},
  author    = {Hochreiter, Sepp and Schmidhuber, J{\"u}rgen},
  journal   = {Neural computation},
  volume    = {9},
  number    = {8},
  pages     = {1735--1780},
  year      = {1997},
  publisher = {MIT Press}
}

@inproceedings{hu2014improving,
  title        = {Improving the architecture of an autoencoder for dimension reduction},
  author       = {Hu, Changjie and Hou, Xiaoli and Lu, Yonggang},
  booktitle    = {2014 IEEE 11th Intl Conf on Ubiquitous Intelligence and Computing and 2014 IEEE 11th Intl Conf on Autonomic and Trusted Computing and 2014 IEEE 14th Intl Conf on Scalable Computing and Communications and Its Associated Workshops},
  pages        = {855--858},
  year         = {2014},
  organization = {IEEE}
}
@article{izacard2020leveraging,
  title   = {Leveraging passage retrieval with generative models for open domain question answering},
  author  = {Izacard, Gautier and Grave, Edouard},
  journal = {arXiv preprint arXiv:2007.01282},
  year    = {2020}
}

@article{izacard2020memory,
  title   = {A Memory Efficient Baseline for Open Domain Question Answering},
  author  = {Izacard, Gautier and Petroni, Fabio and Hosseini, Lucas and De Cao, Nicola and Riedel, Sebastian and Grave, Edouard},
  journal = {arXiv preprint arXiv:2012.15156},
  year    = {2020}
}
@article{lance1966computer,
  title={Computer programs for hierarchical polythetic classification (“similarity analyses”)},
  author={Lance, Godfrey N and Williams, William T},
  journal={The Computer Journal},
  volume={9},
  number={1},
  pages={60--64},
  year={1966},
  publisher={The British Computer Society}
}
@article{vijaymeena2016survey,
  title={A survey on similarity measures in text mining},
  author={Vijaymeena, MK and Kavitha, K},
  journal={Machine Learning and Applications: An International Journal},
  volume={3},
  number={2},
  pages={19--28},
  year={2016}
}
@inproceedings{sitikhu2019comparison,
  title={A comparison of semantic similarity methods for maximum human interpretability},
  author={Sitikhu, Pinky and Pahi, Kritish and Thapa, Pujan and Shakya, Subarna},
  booktitle={2019 artificial intelligence for transforming business and society (AITB)},
  volume={1},
  pages={1--4},
  year={2019},
  organization={IEEE}
}
@inproceedings{chakravarti2020towards,
  title={Towards building a robust industry-scale question answering system},
  author={Chakravarti, Rishav and Ferritto, Anthony and Iyer, Bhavani and Pan, Lin and Florian, Radu and Roukos, Salim and Sil, Avirup},
  booktitle={Proceedings of the 28th International Conference on Computational Linguistics: Industry Track},
  pages={90--101},
  year={2020}
}

@article{bonifacio2022inpars,
  title={InPars: Data Augmentation for Information Retrieval using Large Language Models},
  author={Bonifacio, Luiz and Abonizio, Hugo and Fadaee, Marzieh and Nogueira, Rodrigo},
  journal={arXiv preprint arXiv:2202.05144},
  year={2022}
}


@article{gontier2022does,
  title={Does entity abstraction help generative Transformers reason?},
  author={Gontier, Nicolas and Reddy, Siva and Pal, Christopher},
  journal={arXiv preprint arXiv:2201.01787},
  year={2022}
}
@article{ding2021reasoning,
  title={Reasoning Chain Based Adversarial Attack for Multi-hop Question Answering},
  author={Ding, Jiayu and Wang, Siyuan and Chen, Qin and Wei, Zhongyu},
  journal={arXiv preprint arXiv:2112.09658},
  year={2021}
}
@article{luo2021simple,
  title={A Simple Approach to Jointly Rank Passages and Select Relevant Sentences in the OBQA Context},
  author={Luo, Man and Chen, Shuguang and Baral, Chitta},
  journal={arXiv preprint arXiv:2109.10497},
  year={2021}
}
@article{lia2021synchronous,
  title={Asynchronous Multi-grained Graph Network For Interpretable Multi-hop Reading Comprehension},
  author={Li, Ronghan and Wang, Lifang and Wang, Shengli and Jiang, Zejun},
  year={2021}
}

@article{joshi2019dissimilarity,
  title={A dissimilarity measure based on Jensen Shannon divergence measure},
  author={Joshi, Rajesh and Kumar, Satish},
  journal={International Journal of General Systems},
  volume={48},
  number={3},
  pages={280--301},
  year={2019},
  publisher={Taylor \& Francis}
}


@inproceedings{thakur2019analysis,
  title={Analysis and implementation of the bray--Curtis distance-based similarity measure for retrieving information from the medical repository},
  author={Thakur, Narina and Mehrotra, Deepti and Bansal, Abhay and Bala, Manju},
  booktitle={International Conference on Innovative Computing and Communications},
  pages={117--125},
  year={2019},
  organization={Springer}
}

@article{lin1991divergence,
  title={Divergence measures based on the Shannon entropy},
  author={Lin, Jianhua},
  journal={IEEE Transactions on Information theory},
  volume={37},
  number={1},
  pages={145--151},
  year={1991},
  publisher={IEEE}
}

@inproceedings{mahalanobis1936generalized,
  title={On the generalized distance in statistics},
  author={Mahalanobis, Prasanta Chandra},
  year={1936},
  organization={National Institute of Science of India}
}



@article{JDH17,
  title     = {Billion-scale similarity search with gpus},
  author    = {Johnson, Jeff and Douze, Matthijs and J{\'e}gou, Herv{\'e}},
  journal   = {IEEE Transactions on Big Data},
  year      = {2019},
  publisher = {IEEE}
}

@inproceedings{ji2014overview,
  title     = {Overview of tac-kbp2014 entity discovery and linking tasks},
  author    = {Ji, Heng and Nothman, Joel and Hachey, Ben and others},
  booktitle = {Proc. Text Analysis Conference (TAC2014)},
  pages     = {1333--1339},
  year      = {2014}
}

@article{jiang2020can,
  title     = {How can we know what language models know?},
  author    = {Jiang, Zhengbao and Xu, Frank F and Araki, Jun and Neubig, Graham},
  journal   = {Transactions of the Association for Computational Linguistics},
  volume    = {8},
  pages     = {423--438},
  year      = {2020},
  publisher = {MIT Press}
}

@inproceedings{karpukhin2020dense,
  title     = {Dense Passage Retrieval for Open-Domain Question Answering},
  author    = {Karpukhin, Vladimir and Oguz, Barlas and Min, Sewon and Lewis, Patrick and Wu, Ledell and Edunov, Sergey and Chen, Danqi and Yih, Wen-tau},
  booktitle = {Proceedings of the 2020 Conference on Empirical Methods in Natural Language Processing (EMNLP)},
  pages     = {6769--6781},
  year      = {2020}
}

@inproceedings{kaski1998dimensionality,
  title        = {Dimensionality reduction by random mapping: Fast similarity computation for clustering},
  author       = {Kaski, Samuel},
  booktitle    = {1998 IEEE International Joint Conference on Neural Networks Proceedings. IEEE World Congress on Computational Intelligence (Cat. No. 98CH36227)},
  volume       = {1},
  pages        = {413--418},
  year         = {1998},
  organization = {IEEE}
}

@article{khandelwal2019generalization,
  title   = {Generalization through memorization: Nearest neighbor language models},
  author  = {Khandelwal, Urvashi and Levy, Omer and Jurafsky, Dan and Zettlemoyer, Luke and Lewis, Mike},
  journal = {arXiv preprint arXiv:1911.00172},
  year    = {2019}
}

@article{kilt,
  title   = {Kilt: a benchmark for knowledge intensive language tasks},
  author  = {Petroni, Fabio and Piktus, Aleksandra and Fan, Angela and Lewis, Patrick and Yazdani, Majid and De Cao, Nicola and Thorne, James and Jernite, Yacine and Karpukhin, Vladimir and Maillard, Jean and others},
  journal = {arXiv preprint arXiv:2009.02252},
  year    = {2020}
}

@article{johnson2019billion,
  title={Billion-scale similarity search with gpus},
  author={Johnson, Jeff and Douze, Matthijs and J{\'e}gou, Herv{\'e}},
  journal={IEEE Transactions on Big Data},
  volume={7},
  number={3},
  pages={535--547},
  year={2019},
  publisher={IEEE}
}


@inproceedings{kim2019qe,
  title     = {QE BERT: bilingual BERT using multi-task learning for neural quality estimation},
  author    = {Kim, Hyun and Lim, Joon-Ho and Kim, Hyun-Ki and Na, Seung-Hoon},
  booktitle = {Proceedings of the Fourth Conference on Machine Translation (Volume 3: Shared Task Papers, Day 2)},
  pages     = {85--89},
  year      = {2019}
}

@inproceedings{krishna2021hurdles,
  title     = {Hurdles to Progress in Long-form Question Answering},
  author    = {Krishna, Kalpesh and Roy, Aurko and Iyyer, Mohit},
  booktitle = {Proceedings of the 2021 Conference of the North American Chapter of the Association for Computational Linguistics: Human Language Technologies},
  pages     = {4940--4957},
  year      = {2021}
}

@article{kruskal1964nonmetric,
  title     = {Nonmetric multidimensional scaling: a numerical method},
  author    = {Kruskal, Joseph B},
  journal   = {Psychometrika},
  volume    = {29},
  number    = {2},
  pages     = {115--129},
  year      = {1964},
  publisher = {Springer-Verlag}
}

@article{kwiatkowski2019natural,
  title     = {Natural questions: a benchmark for question answering research},
  author    = {Kwiatkowski, Tom and Palomaki, Jennimaria and Redfield, Olivia and Collins, Michael and Parikh, Ankur and Alberti, Chris and Epstein, Danielle and Polosukhin, Illia and Devlin, Jacob and Lee, Kenton and others},
  journal   = {Transactions of the Association for Computational Linguistics},
  volume    = {7},
  pages     = {453--466},
  year      = {2019},
  publisher = {MIT Press}
}

@article{lazaridou2021pitfalls,
  title   = {Pitfalls of static language modelling},
  author  = {Lazaridou, Angeliki and Kuncoro, Adhiguna and Gribovskaya, Elena and Agrawal, Devang and Liska, Adam and Terzi, Tayfun and Gimenez, Mai and d'Autume, Cyprien de Masson and Ruder, Sebastian and Yogatama, Dani and others},
  journal = {arXiv preprint arXiv:2102.01951},
  year    = {2021}
}

@inproceedings{le2014distributed,
  title        = {Distributed representations of sentences and documents},
  author       = {Le, Quoc and Mikolov, Tomas},
  booktitle    = {International conference on machine learning},
  pages        = {1188--1196},
  year         = {2014},
  organization = {PMLR}
}

@inproceedings{le2021many,
  title     = {How many data points is a prompt worth?},
  author    = {Le Scao, Teven and Rush, Alexander M},
  booktitle = {Proceedings of the 2021 Conference of the North American Chapter of the Association for Computational Linguistics: Human Language Technologies},
  pages     = {2627--2636},
  year      = {2021}
}

@inproceedings{lee2019latent,
  title     = {Latent Retrieval for Weakly Supervised Open Domain Question Answering},
  author    = {Lee, Kenton and Chang, Ming-Wei and Toutanova, Kristina},
  booktitle = {Proceedings of the 57th Annual Meeting of the Association for Computational Linguistics},
  pages     = {6086--6096},
  year      = {2019}
}

@article{lee2020language,
  title   = {Language Models as Fact Checkers?},
  author  = {Lee, Nayeon and Li, Belinda Z and Wang, Sinong and Yih, Wen-tau and Ma, Hao and Khabsa, Madian},
  journal = {arXiv preprint arXiv:2006.04102},
  year    = {2020}
}

@article{lewis2020retrieval,
  title   = {Retrieval-augmented generation for knowledge-intensive nlp tasks},
  author  = {Lewis, Patrick and Perez, Ethan and Piktus, Aleksandra and Petroni, Fabio and Karpukhin, Vladimir and Goyal, Naman and K{\"u}ttler, Heinrich and Lewis, Mike and Yih, Wen-tau and Rockt{\"a}schel, Tim and others},
  journal = {arXiv preprint arXiv:2005.11401},
  year    = {2020}
}

@inproceedings{lewis2021question,
  title     = {Question and Answer Test-Train Overlap in Open-Domain Question Answering Datasets},
  author    = {Lewis, Patrick and Stenetorp, Pontus and Riedel, Sebastian},
  booktitle = {Proceedings of the 16th Conference of the European Chapter of the Association for Computational Linguistics: Main Volume},
  pages     = {1000--1008},
  year      = {2021}
}

@article{lin2021m6,
  title  = {M6: Multi-Modality-to-Multi-Modality Multitask Mega-transformer for Unified Pretraining},
  author = {Lin, Junyang and Men, Rui and Yang, An and Zhou, Chang and Zhang, Yichang and Wang, Peng and Zhou, Jingren and Tang, Jie and Yang, Hongxia},
  year   = {2021}
}

@article{lin2021proposed,
  title   = {A proposed conceptual framework for a representational approach to information retrieval},
  author  = {Lin, Jimmy},
  journal = {arXiv preprint arXiv:2110.01529},
  year    = {2021}
}
@inproceedings{liu2019multi,
  title     = {Multi-Task Deep Neural Networks for Natural Language Understanding},
  author    = {Liu, Xiaodong and He, Pengcheng and Chen, Weizhu and Gao, Jianfeng},
  booktitle = {Proceedings of the 57th Annual Meeting of the Association for Computational Linguistics},
  pages     = {4487--4496},
  year      = {2019}
}

@inproceedings{logan2019baracks,
  title     = {Barack’s Wife Hillary: Using Knowledge Graphs for Fact-Aware Language Modeling},
  author    = {Logan, Robert and Liu, Nelson F and Peters, Matthew E and Gardner, Matt and Singh, Sameer},
  booktitle = {Proceedings of the 57th Annual Meeting of the Association for Computational Linguistics},
  pages     = {5962--5971},
  year      = {2019}
}

@article{luan2020sparse,
  title   = {Sparse, Dense, and Attentional Representations for Text Retrieval},
  author  = {Luan, Yi and Eisenstein, Jacob and Toutanova, Kristina and Collins, Michael},
  journal = {Transactions of the Association for Computational Linguistics},
  volume  = {9},
  pages   = {329--345},
  year    = {2021}
}

@inproceedings{lukovnikov2017neural,
  title     = {Neural network-based question answering over knowledge graphs on word and character level},
  author    = {Lukovnikov, Denis and Fischer, Asja and Lehmann, Jens and Auer, S{\"o}ren},
  booktitle = {Proceedings of the 26th international conference on World Wide Web},
  pages     = {1211--1220},
  year      = {2017}
}

@inproceedings{lv2011documents,
  title     = {When documents are very long, bm25 fails!},
  author    = {Lv, Yuanhua and Zhai, ChengXiang},
  booktitle = {Proceedings of the 34th international ACM SIGIR conference on Research and development in Information Retrieval},
  pages     = {1103--1104},
  year      = {2011}
}

@inproceedings{ma2021simple,
  title     = {Simple and Effective Unsupervised Redundancy Elimination to Compress Dense Vectors for Passage Retrieval},
  author    = {Ma, Xueguang and Li, Minghan and Sun, Kai and Xin, Ji and Lin, Jimmy},
  booktitle = {Proceedings of the 2021 Conference on Empirical Methods in Natural Language Processing},
  pages     = {2854--2859},
  year      = {2021}
}

@inproceedings{maillard-etal-2021-multi,
  title     = {Multi-Task Retrieval for Knowledge-Intensive Tasks},
  author    = {Maillard, Jean  and
               Karpukhin, Vladimir  and
               Petroni, Fabio  and
               Yih, Wen-tau  and
               Oguz, Barlas  and
               Stoyanov, Veselin  and
               Ghosh, Gargi},
  booktitle = {Proceedings of the 59th Annual Meeting of the Association for Computational Linguistics and the 11th International Joint Conference on Natural Language Processing (Volume 1: Long Papers)},
  month     = aug,
  year      = {2021},
  address   = {Online},
  publisher = {Association for Computational Linguistics},
  url       = {https://aclanthology.org/2021.acl-long.89},
  doi       = {10.18653/v1/2021.acl-long.89},
  pages     = {1098--1111}
}

@article{mccann2018natural,
  title   = {The natural language decathlon: Multitask learning as question answering},
  author  = {McCann, Bryan and Keskar, Nitish Shirish and Xiong, Caiming and Socher, Richard},
  journal = {arXiv preprint arXiv:1806.08730},
  year    = {2018}
}

@article{merity2016pointer,
  title   = {Pointer sentinel mixture models},
  author  = {Merity, Stephen and Xiong, Caiming and Bradbury, James and Socher, Richard},
  journal = {arXiv preprint arXiv:1609.07843},
  year    = {2016}
}

@article{mikolov2013efficient,
  title   = {Efficient estimation of word representations in vector space},
  author  = {Mikolov, Tomas and Chen, Kai and Corrado, Greg and Dean, Jeffrey},
  journal = {arXiv preprint arXiv:1301.3781},
  year    = {2013}
}

@inproceedings{misra2020exploring,
  title     = {Exploring BERT’s sensitivity to lexical cues using tests from semantic priming},
  author    = {Misra, Kanishka and Ettinger, Allyson and Rayz, Julia},
  booktitle = {Proceedings of the 2020 Conference on Empirical Methods in Natural Language Processing: Findings},
  pages     = {4625--4635},
  year      = {2020}
}


@article{mitra2017neural,
  title   = {Neural models for information retrieval},
  author  = {Mitra, Bhaskar and Craswell, Nick},
  journal = {arXiv preprint arXiv:1705.01509},
  year    = {2017}
}

@article{mu2017all,
  title   = {All-but-the-top: Simple and effective postprocessing for word representations},
  author  = {Mu, Jiaqi and Bhat, Suma and Viswanath, Pramod},
  journal = {arXiv preprint arXiv:1702.01417},
  year    = {2017}
}

@inproceedings{nadeem2019fakta,
  title     = {FAKTA: An Automatic End-to-End Fact Checking System},
  author    = {Nadeem, Moin and Fang, Wei and Xu, Brian and Mohtarami, Mitra and Glass, James},
  booktitle = {Proceedings of the 2019 Conference of the North American Chapter of the Association for Computational Linguistics (Demonstrations)},
  pages     = {78--83},
  year      = {2019}
}

@inproceedings{nie2019combining,
  title     = {Combining fact extraction and verification with neural semantic matching networks},
  author    = {Nie, Yixin and Chen, Haonan and Bansal, Mohit},
  booktitle = {Proceedings of the AAAI Conference on Artificial Intelligence},
  volume    = {33},
  number    = {01},
  pages     = {6859--6866},
  year      = {2019}
}

@article{nogueira2019doc2query,
  title   = {From doc2query to docTTTTTquery},
  author  = {Nogueira, Rodrigo and Lin, Jimmy and Epistemic, AI},
  journal = {Online preprint},
  year    = {2019}
}

@article{nogueira2019multi,
  title   = {Multi-stage document ranking with bert},
  author  = {Nogueira, Rodrigo and Yang, Wei and Cho, Kyunghyun and Lin, Jimmy},
  journal = {arXiv preprint arXiv:1910.14424},
  year    = {2019}
}

@article{pca,
  author    = { Karl   Pearson   F.R.S. },
  title     = {LIII. On lines and planes of closest fit to systems of points in space},
  journal   = {The London, Edinburgh, and Dublin Philosophical Magazine and Journal of Science},
  volume    = {2},
  number    = {11},
  pages     = {559-572},
  year      = {1901},
  publisher = {Taylor & Francis},
  doi       = {10.1080/14786440109462720}
}

@inproceedings{petroni2019language,
  title     = {Language Models as Knowledge Bases?},
  author    = {Petroni, Fabio and Rockt{\"a}schel, Tim and Riedel, Sebastian and Lewis, Patrick and Bakhtin, Anton and Wu, Yuxiang and Miller, Alexander},
  booktitle = {Proceedings of the 2019 Conference on Empirical Methods in Natural Language Processing and the 9th International Joint Conference on Natural Language Processing (EMNLP-IJCNLP)},
  pages     = {2463--2473},
  year      = {2019}
}

@inproceedings{petroni2021kilt,
  title     = {KILT: a Benchmark for Knowledge Intensive Language Tasks},
  author    = {Petroni, Fabio and Piktus, Aleksandra and Fan, Angela and Lewis, Patrick and Yazdani, Majid and De Cao, Nicola and Thorne, James and Jernite, Yacine and Karpukhin, Vladimir and Maillard, Jean and others},
  booktitle = {Proceedings of the 2021 Conference of the North American Chapter of the Association for Computational Linguistics: Human Language Technologies},
  pages     = {2523--2544},
  year      = {2021}
}

@article{radford2019language,
  title   = {Language models are unsupervised multitask learners},
  author  = {Radford, Alec and Wu, Jeffrey and Child, Rewon and Luan, David and Amodei, Dario and Sutskever, Ilya},
  journal = {OpenAI blog},
  volume  = {1},
  number  = {8},
  pages   = {9},
  year    = {2019}
}

@inproceedings{rebele2016yago,
  title        = {YAGO: A multilingual knowledge base from wikipedia, wordnet, and geonames},
  author       = {Rebele, Thomas and Suchanek, Fabian and Hoffart, Johannes and Biega, Joanna and Kuzey, Erdal and Weikum, Gerhard},
  booktitle    = {International semantic web conference},
  pages        = {177--185},
  year         = {2016},
  organization = {Springer}
}

@inproceedings{reimers2019sentence,
  title     = {Sentence-BERT: Sentence Embeddings using Siamese BERT-Networks},
  author    = {Reimers, Nils and Gurevych, Iryna},
  booktitle = {Proceedings of the 2019 Conference on Empirical Methods in Natural Language Processing and the 9th International Joint Conference on Natural Language Processing (EMNLP-IJCNLP)},
  pages     = {3973--3983},
  year      = {2019}
}

@article{reimers2020curse,
  title   = {The Curse of Dense Low-Dimensional Information Retrieval for Large Index Sizes},
  author  = {Reimers, Nils and Gurevych, Iryna},
  journal = {arXiv preprint arXiv:2012.14210},
  year    = {2020}
}

@inproceedings{reynolds2021prompt,
  title     = {Prompt programming for large language models: Beyond the few-shot paradigm},
  author    = {Reynolds, Laria and McDonell, Kyle},
  booktitle = {Extended Abstracts of the 2021 CHI Conference on Human Factors in Computing Systems},
  pages     = {1--7},
  year      = {2021}
}

@inproceedings{riedel2013relation,
  title     = {Relation extraction with matrix factorization and universal schemas},
  author    = {Riedel, Sebastian and Yao, Limin and McCallum, Andrew and Marlin, Benjamin M},
  booktitle = {Proceedings of the 2013 Conference of the North American Chapter of the Association for Computational Linguistics: Human Language Technologies},
  pages     = {74--84},
  year      = {2013}
}

@inproceedings{ringler2017one,
  title        = {One knowledge graph to rule them all? Analyzing the differences between DBpedia, YAGO, Wikidata \& co.},
  author       = {Ringler, Daniel and Paulheim, Heiko},
  booktitle    = {Joint German/Austrian Conference on Artificial Intelligence (K{\"u}nstliche Intelligenz)},
  pages        = {366--372},
  year         = {2017},
  organization = {Springer}
}


@article{robertson1995okapi,
  title     = {Okapi at TREC-3},
  author    = {Robertson, Stephen E and Walker, Steve and Jones, Susan and Hancock-Beaulieu, Micheline M and Gatford, Mike and others},
  journal   = {Nist Special Publication Sp},
  volume    = {109},
  pages     = {109},
  year      = {1995},
  publisher = {NATIONAL INSTIUTE OF STANDARDS \& TECHNOLOGY}
} 
@article{sakai2007reliability,
  title     = {On the reliability of information retrieval metrics based on graded relevance},
  author    = {Sakai, Tetsuya},
  journal   = {Information processing \& management},
  volume    = {43},
  number    = {2},
  pages     = {531--548},
  year      = {2007},
  publisher = {Elsevier}
}

@article{salton1986introduction,
  title     = {Introduction to modern information retrieval},
  author    = {Salton, Gerard and McGill, Michael J},
  year      = {1986},
  publisher = {McGraw-Hill, Inc.}
}
@inproceedings{schick2019rare,
  title     = {Rare words: A major problem for contextualized embeddings and how to fix it by attentive mimicking},
  author    = {Schick, Timo and Sch{\"u}tze, Hinrich},
  booktitle = {Proceedings of the AAAI Conference on Artificial Intelligence},
  volume    = {34},
  number    = {05},
  pages     = {8766--8774},
  year      = {2020}
}

@inproceedings{shen2014latent,
  title     = {A latent semantic model with convolutional-pooling structure for information retrieval},
  author    = {Shen, Yelong and He, Xiaodong and Gao, Jianfeng and Deng, Li and Mesnil, Gr{\'e}goire},
  booktitle = {Proceedings of the 23rd ACM international conference on conference on information and knowledge management},
  pages     = {101--110},
  year      = {2014}
}

@article{shin2020autoprompt,
  title  = {AUTOPROMPT: Eliciting Knowledge from Language Models with Automatically Generated Prompts},
  author = {Shin, Taylor and Razeghi, Yasaman and Logan IV, Robert L and Wallace, Eric and Singh, Sameer},
  year   = {2020}
}

@article{soleimani2020bert,
  title     = {Bert for evidence retrieval and claim verification},
  author    = {Soleimani, Amir and Monz, Christof and Worring, Marcel},
  journal   = {Advances in Information Retrieval},
  volume    = {12036},
  pages     = {359},
  year      = {2020},
  publisher = {Nature Publishing Group}
}

@article{sun2018open,
  title  = {Open Domain Question Answering Using Early Fusion of Knowledge Bases and Text},
  author = {Sun, Haitian and Dhingra, Bhuwan and Zaheer, Manzil and Mazaitis, Kathryn and Salakhutdinov, Ruslan and Cohen, William W},
  year   = {2018}
}

@inproceedings{sun2019fine,
  title        = {How to fine-tune BERT for text classification?},
  author       = {Sun, Chi and Qiu, Xipeng and Xu, Yige and Huang, Xuanjing},
  booktitle    = {China National Conference on Chinese Computational Linguistics},
  pages        = {194--206},
  year         = {2019},
  organization = {Springer}
}

@inproceedings{sun2019pullnet,
  title     = {PullNet: Open Domain Question Answering with Iterative Retrieval on Knowledge Bases and Text},
  author    = {Sun, Haitian and Bedrax-Weiss, Tania and Cohen, William},
  booktitle = {Proceedings of the 2019 Conference on Empirical Methods in Natural Language Processing and the 9th International Joint Conference on Natural Language Processing (EMNLP-IJCNLP)},
  pages     = {2380--2390},
  year      = {2019}
}

@article{t5,
  author  = {Colin Raffel and Noam Shazeer and Adam Roberts and Katherine Lee and Sharan Narang and Michael Matena and Yanqi Zhou and Wei Li and Peter J. Liu},
  title   = {Exploring the Limits of Transfer Learning with a Unified Text-to-Text Transformer},
  journal = {Journal of Machine Learning Research},
  year    = {2020},
  volume  = {21},
  number  = {140},
  pages   = {1-67},
  url     = {http://jmlr.org/papers/v21/20-074.html}
}

@article{tadjudin1999covariance,
  title     = {Covariance estimation with limited training samples},
  author    = {Tadjudin, Saldju and Landgrebe, David A},
  journal   = {IEEE Transactions on Geoscience and Remote Sensing},
  volume    = {37},
  number    = {4},
  pages     = {2113--2118},
  year      = {1999},
  publisher = {IEEE}
}

@inproceedings{tchechmedjiev2019claimskg,
  title        = {ClaimsKG: A knowledge graph of fact-checked claims},
  author       = {Tchechmedjiev, Andon and Fafalios, Pavlos and Boland, Katarina and Gasquet, Malo and Zloch, Matth{\"a}us and Zapilko, Benjamin and Dietze, Stefan and Todorov, Konstantin},
  booktitle    = {International Semantic Web Conference},
  pages        = {309--324},
  year         = {2019},
  organization = {Springer}
}

@inproceedings{thorne2018fever,
  title     = {FEVER: a Large-scale Dataset for Fact Extraction and VERification},
  author    = {Thorne, James and Vlachos, Andreas and Christodoulopoulos, Christos and Mittal, Arpit},
  booktitle = {Proceedings of the 2018 Conference of the North American Chapter of the Association for Computational Linguistics: Human Language Technologies, Volume 1 (Long Papers)},
  pages     = {809--819},
  year      = {2018}
}

@inproceedings{timkey2021all,
  title     = {All Bark and No Bite: Rogue Dimensions in Transformer Language Models Obscure Representational Quality},
  author    = {Timkey, William and van Schijndel, Marten},
  booktitle = {Proceedings of the 2021 Conference on Empirical Methods in Natural Language Processing},
  pages     = {4527--4546},
  year      = {2021}
}

@article{van2013barnes,
  title   = {Barnes-hut-sne},
  author  = {Van Der Maaten, Laurens},
  journal = {arXiv preprint arXiv:1301.3342},
  year    = {2013}
}

@inproceedings{vaswani2017attention,
  title     = {Attention is all you need},
  author    = {Vaswani, Ashish and Shazeer, Noam and Parmar, Niki and Uszkoreit, Jakob and Jones, Llion and Gomez, Aidan N and Kaiser, {\L}ukasz and Polosukhin, Illia},
  booktitle = {Advances in neural information processing systems},
  pages     = {5998--6008},
  year      = {2017}
}

@article{vrandevcic2014wikidata,
  title     = {Wikidata: a free collaborative knowledgebase},
  author    = {Vrande{\v{c}}i{\'c}, Denny and Kr{\"o}tzsch, Markus},
  journal   = {Communications of the ACM},
  volume    = {57},
  number    = {10},
  pages     = {78--85},
  year      = {2014},
  publisher = {ACM New York, NY, USA}
}

@article{wang2016auto,
  title     = {Auto-encoder based dimensionality reduction},
  author    = {Wang, Yasi and Yao, Hongxun and Zhao, Sicheng},
  journal   = {Neurocomputing},
  volume    = {184},
  pages     = {232--242},
  year      = {2016},
  publisher = {Elsevier}
}

@article{weston2014memory,
  title   = {Memory networks},
  author  = {Weston, Jason and Chopra, Sumit and Bordes, Antoine},
  journal = {arXiv preprint arXiv:1410.3916},
  year    = {2014}
}

@inproceedings{wu2020topicka,
  title     = {TopicKA: Generating Commonsense Knowledge-Aware Dialogue Responses Towards the Recommended Topic Fact.},
  author    = {Wu, Sixing and Li, Ying and Zhang, Dawei and Zhou, Yang and Wu, Zhonghai},
  booktitle = {IJCAI},
  volume    = {2020},
  pages     = {3766--3772},
  year      = {2020}
}

@article{xu2019adversarial,
  title   = {Adversarial domain adaptation for stance detection},
  author  = {Xu, Brian and Mohtarami, Mitra and Glass, James},
  journal = {arXiv preprint arXiv:1902.02401},
  year    = {2019}
}

@article{yamada2021efficient,
  title   = {Efficient Passage Retrieval with Hashing for Open-domain Question Answering},
  author  = {Yamada, Ikuya and Asai, Akari and Hajishirzi, Hannaneh},
  journal = {arXiv preprint arXiv:2106.00882},
  year    = {2021}
}

@inproceedings{yang2018hotpotqa,
  title     = {HotpotQA: A Dataset for Diverse, Explainable Multi-hop Question Answering},
  author    = {Yang, Zhilin and Qi, Peng and Zhang, Saizheng and Bengio, Yoshua and Cohen, William and Salakhutdinov, Ruslan and Manning, Christopher D},
  booktitle = {Proceedings of the 2018 Conference on Empirical Methods in Natural Language Processing},
  pages     = {2369--2380},
  year      = {2018}
}

@article{yang2021linear,
  title   = {Linear Bandit Algorithms with Sublinear Time Complexity},
  author  = {Yang, Shuo and Ren, Tongzheng and Shakkottai, Sanjay and Price, Eric and Dhillon, Inderjit S and Sanghavi, Sujay},
  journal = {arXiv preprint arXiv:2103.02729},
  year    = {2021}
}

@article{yata2010effective,
  title     = {Effective PCA for high-dimension, low-sample-size data with singular value decomposition of cross data matrix},
  author    = {Yata, Kazuyoshi and Aoshima, Makoto},
  journal   = {Journal of multivariate analysis},
  volume    = {101},
  number    = {9},
  pages     = {2060--2077},
  year      = {2010},
  publisher = {Elsevier}
}

@article{yogatama2021adaptive,
  title   = {Adaptive Semiparametric Language Models},
  author  = {Yogatama, Dani and de Masson d'Autume, Cyprien and Kong, Lingpeng},
  journal = {Transactions of the Association for Computational Linguistics},
  volume  = {9},
  pages   = {362--373},
  year    = {2021}
}

@inproceedings{young2018augmenting,
  title     = {Augmenting end-to-end dialogue systems with commonsense knowledge},
  author    = {Young, Tom and Cambria, Erik and Chaturvedi, Iti and Zhou, Hao and Biswas, Subham and Huang, Minlie},
  booktitle = {Thirty-Second AAAI Conference on Artificial Intelligence},
  year      = {2018}
}

@inproceedings{yu2014wisdom,
  title     = {The wisdom of minority: Unsupervised slot filling validation based on multi-dimensional truth-finding},
  author    = {Yu, Dian and Huang, Hongzhao and Cassidy, Taylor and Ji, Heng and Wang, Chi and Zhi, Shi and Han, Jiawei and Voss, Clare and Magdon-Ismail, Malik},
  booktitle = {Proceedings of COLING 2014, the 25th International Conference on Computational Linguistics: Technical Papers},
  pages     = {1567--1578},
  year      = {2014}
}

@inproceedings{zaheer2020big,
  title  = {Big Bird: Transformers for Longer Sequences.},
  author = {Zaheer, Manzil and Guruganesh, Guru and Dubey, Kumar Avinava and Ainslie, Joshua and Alberti, Chris and Ontanon, Santiago and Pham, Philip and Ravula, Anirudh and Wang, Qifan and Yang, Li and others}
}

@inproceedings{zouhar2021artefact,
  title     = {Artefact Retrieval: Overview of {NLP} Models with Knowledge Base Access},
  author    = {Vil{\'e}m Zouhar and Marius Mosbach and Debanjali Biswas and Dietrich Klakow},
  booktitle = {Workshop on Commonsense Reasoning and Knowledge Bases},
  year      = {2021},
  url       = {https://openreview.net/forum?id=9\_oCNR6R9l2}
}

@article{zouhar2022knowledge,
  title={Knowledge Base Index Compression via Dimensionality and Precision Reduction},
  author={Zouhar, Vil{\'e}m and Mosbach, Marius and Zhang, Miaoran and Klakow, Dietrich},
  journal={arXiv preprint arXiv:2204.02906},
  year={2022}
}

@inproceedings{qu2019bert,
  title={BERT with history answer embedding for conversational question answering},
  author={Qu, Chen and Yang, Liu and Qiu, Minghui and Croft, W Bruce and Zhang, Yongfeng and Iyyer, Mohit},
  booktitle={Proceedings of the 42nd international ACM SIGIR conference on research and development in information retrieval},
  pages={1133--1136},
  year={2019}
}

@inproceedings{yang2020bert,
  title={Bert representations for video question answering},
  author={Yang, Zekun and Garcia, Noa and Chu, Chenhui and Otani, Mayu and Nakashima, Yuta and Takemura, Haruo},
  booktitle={Proceedings of the IEEE/CVF Winter Conference on Applications of Computer Vision},
  pages={1556--1565},
  year={2020}
}

@article{kaliyar2021fakebert,
  title={FakeBERT: Fake news detection in social media with a BERT-based deep learning approach},
  author={Kaliyar, Rohit Kumar and Goswami, Anurag and Narang, Pratik},
  journal={Multimedia tools and applications},
  volume={80},
  number={8},
  pages={11765--11788},
  year={2021},
  publisher={Springer}
}

@article{liu2019fine,
  title={Fine-tune BERT for extractive summarization},
  author={Liu, Yang},
  journal={arXiv preprint arXiv:1903.10318},
  year={2019}
}

@article{liu2019text,
  title={Text summarization with pretrained encoders},
  author={Liu, Yang and Lapata, Mirella},
  journal={arXiv preprint arXiv:1908.08345},
  year={2019}
}

@inproceedings{hakala2019biomedical,
  title={Biomedical named entity recognition with multilingual BERT},
  author={Hakala, Kai and Pyysalo, Sampo},
  booktitle={Proceedings of The 5th Workshop on BioNLP Open Shared Tasks},
  pages={56--61},
  year={2019}
}

@inproceedings{rongali2020don,
  title={Don’t parse, generate! a sequence to sequence architecture for task-oriented semantic parsing},
  author={Rongali, Subendhu and Soldaini, Luca and Monti, Emilio and Hamza, Wael},
  booktitle={Proceedings of The Web Conference 2020},
  pages={2962--2968},
  year={2020}
}

@inproceedings{he2020establishing,
  title={Establishing strong baselines for the new decade: Sequence tagging, syntactic and semantic parsing with BERT},
  author={He, Han and Choi, Jinho},
  booktitle={The Thirty-Third International Flairs Conference},
  year={2020}
}

@article{gao2019target,
  title={Target-dependent sentiment classification with BERT},
  author={Gao, Zhengjie and Feng, Ao and Song, Xinyu and Wu, Xi},
  journal={Ieee Access},
  volume={7},
  pages={154290--154299},
  year={2019},
  publisher={IEEE}
}

@inproceedings{munikar2019fine,
  title={Fine-grained sentiment classification using bert},
  author={Munikar, Manish and Shakya, Sushil and Shrestha, Aakash},
  booktitle={2019 Artificial Intelligence for Transforming Business and Society (AITB)},
  volume={1},
  pages={1--5},
  year={2019},
  organization={IEEE}
}
@article{liu2019roberta,
  title={Roberta: A robustly optimized bert pretraining approach},
  author={Liu, Yinhan and Ott, Myle and Goyal, Naman and Du, Jingfei and Joshi, Mandar and Chen, Danqi and Levy, Omer and Lewis, Mike and Zettlemoyer, Luke and Stoyanov, Veselin},
  journal={arXiv preprint arXiv:1907.11692},
  year={2019}
}



@article{delobelle2020robbert,
  title={Robbert: a dutch roberta-based language model},
  author={Delobelle, Pieter and Winters, Thomas and Berendt, Bettina},
  journal={arXiv preprint arXiv:2001.06286},
  year={2020}
}

@article{chan2020german,
  title={German's next language model},
  author={Chan, Branden and Schweter, Stefan and M{\"o}ller, Timo},
  journal={arXiv preprint arXiv:2010.10906},
  year={2020}
}

@article{sido2021czert,
  title={Czert--Czech BERT-like Model for Language Representation},
  author={Sido, Jakub and Pra{\v{z}}{\'a}k, Ond{\v{r}}ej and P{\v{r}}ib{\'a}{\v{n}}, Pavel and Pa{\v{s}}ek, Jan and Sej{\'a}k, Michal and Konop{\'\i}k, Miloslav},
  journal={arXiv preprint arXiv:2103.13031},
  year={2021}
}

@article{cui2021pre,
  title={Pre-training with whole word masking for chinese bert},
  author={Cui, Yiming and Che, Wanxiang and Liu, Ting and Qin, Bing and Yang, Ziqing},
  journal={IEEE/ACM Transactions on Audio, Speech, and Language Processing},
  volume={29},
  pages={3504--3514},
  year={2021},
  publisher={IEEE}
}

@article{virtanen2019multilingual,
  title={Multilingual is not enough: BERT for Finnish},
  author={Virtanen, Antti and Kanerva, Jenna and Ilo, Rami and Luoma, Jouni and Luotolahti, Juhani and Salakoski, Tapio and Ginter, Filip and Pyysalo, Sampo},
  journal={arXiv preprint arXiv:1912.07076},
  year={2019}
}

@article{wang2020extending,
  title={Extending multilingual BERT to low-resource languages},
  author={Wang, Zihan and Mayhew, Stephen and Roth, Dan and others},
  journal={arXiv preprint arXiv:2004.13640},
  year={2020}
}

@article{dumitrescu2020birth,
  title={The birth of Romanian BERT},
  author={Dumitrescu, Stefan Daniel and Avram, Andrei-Marius and Pyysalo, Sampo},
  journal={arXiv preprint arXiv:2009.08712},
  year={2020}
}

@article{de2019bertje,
  title={Bertje: A dutch bert model},
  author={de Vries, Wietse and van Cranenburgh, Andreas and Bisazza, Arianna and Caselli, Tommaso and van Noord, Gertjan and Nissim, Malvina},
  journal={arXiv preprint arXiv:1912.09582},
  year={2019}
}

@article{wu2016google,
  title={Google's neural machine translation system: Bridging the gap between human and machine translation},
  author={Wu, Yonghui and Schuster, Mike and Chen, Zhifeng and Le, Quoc V and Norouzi, Mohammad and Macherey, Wolfgang and Krikun, Maxim and Cao, Yuan and Gao, Qin and Macherey, Klaus and others},
  journal={arXiv preprint arXiv:1609.08144},
  year={2016}
}

